@article{spm,
  title={The {Supplemental Poverty Measure}: 2018},
  author={Fox, Liana},
  journal={Current population reports},
  year={2019},
  url={https://census.gov/content/dam/Census/library/publications/2019/demo/p60-268.pdf}
}

@misc{sp500,
    title={INDEXSP: .INX},
    author={Google{\ }Finance},
    year={2020},
    url={https://www.google.com/search?q=INDEXSP:\%20.INX},
    urldate = {2020-03-18}
}

@misc{robbins_2020,
    title={Coronavirus storyline #10: unemployment},
    url={https://jacobarobbins.com/blog/coronavirus-storyline-10-unemployment/},
    journal={The Irregular Economic Review},
    author={Robbins, Jacob},
    year={2020},
    month={Mar},
    urldate = {2020-03-18}
}

@misc{sanders_covid,
    title={An Emergency Response to the Coronavirus Pandemic}, url={https://berniesanders.com/issues/emergency-response-coronavirus-pandemic/},
    journal={Bernie Sanders - Official Campaign Website},
    author={Sanders, Bernie},
    year={2020}
}

@misc{binary_search,
    title={Binary search algorithm},
    url={https://en.wikipedia.org/wiki/Binary_search_algorithm},
    journal={Wikipedia},
    author={Wikipedia},
    publisher={Wikimedia Foundation},
    year={2020}, 
    month={Mar}
}

@misc{bruenig,
    title={The US Welfare State Cut Poverty by Two-Thirds in 2018}, url={https://www.peoplespolicyproject.org/2019/09/16/the-us-welfare-state-cut-poverty-by-two-thirds-in-2018/}, 
    journal={People's Policy Project},
    author={Bruenig, Matt},
    year={2019},
    month={Sep}
}

@misc{bls_releases, 
    title={CES News Release Dates}, 
    url={https://www.bls.gov/ces/publications/news-release-schedule.htm}, 
    journal={U.S. Bureau of Labor Statistics}, 
    publisher={U.S. Bureau of Labor Statistics},
    author={BLS},
    year={2020}
}

@misc{nyt_500b, 
    title={Trump Seeks \$500 Billion in Payments to Americans in Relief Plan}, url={https://www.nytimes.com/2020/03/18/us/politics/donald-trump-coronavirus-trump-stimulus.html},
    journal={The New York Times}, publisher={The New York Times}, 
    author={Cochrane, Emily and Fandos, Nicholas},
    year={2020}, month={Mar}
}

@misc{cotton_2020,
    title={The House bill sets up a complicated relief system that relies on paid sick leave & refundable tax credits. That won't move quickly enough & puts undue pressure on businesses to lay off workers. We don't want to see layoffs-we need cash in the hands of affected families. pic.twitter.com/64hNtYhfJO},
    url={https://twitter.com/SenTomCotton/status/1239575319989882880},
    journal={Twitter},
    publisher={Twitter},
    author={Cotton, Tom},
    year={2020},
    month={Mar}
}

@misc{esp, 
    title={Emergency Money to the People},
    url={https://www.economicsecurityproject.org/emergencymoney/},
    journal={Economic{\ }Security{\ }Project},
    author={Economic{\ }Security{\ }Project},
    year={2020}
}

@misc{fred_paepop, 
    title={Employment-Population Ratio - 25-54 Yrs.}, url={https://fred.stlouisfed.org/series/LNS12300060}, journal={FRED},
    author={FRED},
    year={2020}, month={Mar}
}

@misc{fred_sahm, 
    title={FRED Adds Sahm Rule Recession Indicators: St. Louis Fed},
    author={FRED},
    url={https://research.stlouisfed.org/publications/research-news/fred-adds-sahm-rule-recession-indicators},
    journal={Economic Research - Federal Reserve Bank of St. Louis}
}

@misc{furman_2020, 
    title={Opinion | The Case for a Big Coronavirus Stimulus}, url={https://www.wsj.com/articles/the-case-for-a-big-coronavirus-stimulus-11583448500}, journal={The Wall Street Journal}, publisher={Dow Jones & Company},
    author={Furman, Jason},
    year={2020}, month={Mar}}
    
@misc{gabbard, 
    title={H.Res.897 - 116th Congress (2019-2020): Expressing the sense of the House of Representatives that there should be a direct emergency economic stimulus for individual Americans in response to COVID-19.}, url={https://www.congress.gov/bill/116th-congress/house-resolution/897}, journal={Congress.gov}, 
    author={Gabbard, Tulsi},
    year={2020}, month={Mar}
}

@misc{igm,
    url={http://www.igmchicago.org/surveys/coronavirus-2}, 
    title={Coronavirus},
    journal={IGM Chicago},
    year={2020}
}
    
@misc{iii_2020, 
    title={I'm introducing an immediate economic relief plan for every American.-\$4k to every adult who makes under 100k per year-\$2k to every adult who makes over 100k per year-\$1k for every child 18 or youngerWe need to ensure every family has the funds to survive at this moment.}, 
    url={https://twitter.com/RepJoeKennedy/status/1239920721792565250},
    journal={Twitter},
    publisher={Twitter},
    author={III, Rep. Joe Kennedy}, 
    year={2020},
    month={Mar}
}

@misc{kroll_2020, 
    title={Andrew Yang: We Need Universal Basic Income to Save the Economy from a Coronavirus Depression}, url={https://www.rollingstone.com/politics/politics-features/andrew-yang-coronavirus-universal-basic-income-freedom-dividend-968248/}, journal={Rolling Stone}, 
    author={Kroll, Andy}, 
    year={2020}, 
    month={Mar}}
    
@misc{mankiw, 
    title={Thoughts on the Pandemic}, 
    url={http://gregmankiw.blogspot.com/2020/03/thoughts-on-pandemic.html?m=1},
    journal={Greg Mankiw's Blog},
    author={Mankiw, Greg},
    year={2020},
    month={Jan}
}

@misc{matthews_2020, 
    title={Steve Mnuchin: "We are looking at sending checks to Americans immediately"}, url={https://www.vox.com/future-perfect/2020/3/17/21183627/trump-steve-mnuchin-checks-to-americans-cash},
    journal={Vox}, 
    publisher={Vox}, 
    author={Matthews, Dylan}, 
    year={2020}, 
    month={Mar}}
    
@misc{aoc, 
    title={This is not the time for half measures.We need to take dramatic action now to stave off the worst public health & economic affects.That includes making moves on paid leave, debt relief, waiving work req's, guaranteeing healthcare, UBI, detention relief(pretrial, elderly, imm)},
    url={https://twitter.com/AOC/status/1238082295359328256},
    journal={Twitter}, 
    publisher={Twitter}, 
    author={Ocasio-Cortez, Alexandria}, 
    year={2020}, 
    month={Mar}
}

@misc{omar_2020, 
    title={I am introducing a bill this week to give: \$1,000 to every American adult.\$500 for every child. No exceptions. We need to support the American people NOW-and this is just a start.}, url={https://twitter.com/IlhanMN/status/1239946523456286722}, journal={Twitter}, publisher={Twitter}, author={Omar, Ilhan},
    year={2020}, month={Mar}
}

@misc{patel_2020, 
    title={Fiscal Response to COVID-19}, url={https://medium.com/@surajpatelnyc/fiscal-response-to-covid-19-6a4384e5e89f},
    journal={Medium}, publisher={Medium}, author={Patel, Suraj},
    year={2020}, month={Mar}
}

@misc{ctam, 
    title={PSLmodels/C-TAM}, url={https://github.com/PSLmodels/C-TAM}, journal={GitHub}, author={PSLmodels}, year={2019}, month={Jan}
}

@misc{bls_earnings, 
    title={Real average weekly earnings up 0.7 percent from February 2019 to February 2020}, url={https://www.bls.gov/opub/ted/2020/real-average-weekly-earnings-up-0-point-7-percent-from-february-2019-to-february-2020.htm}, journal={U.S. Bureau of Labor Statistics},
    author={BLS},
    year={2020}, month={Mar}
}

@misc{khanna_ryan, 
    title={RELEASE: Reps. Ryan, Khanna Propose Cash Infusion between \$1,000-\$6,000 to Help Working Class Americans during COVID-19 Crisis}, url={https://khanna.house.gov/media/press-releases/release-reps-ryan-khanna-propose-cash-infusion-between-1000-6000-help-working},
    author={Ro Khanna, Tim Ryan},
    journal={Congressman Ro Khanna},
    year={2020}, month={Mar}
}

@misc{romney, 
    title={Romney Calls for Urgent Action on Additional Coronavirus Response Measures}, url={https://www.romney.senate.gov/romney-calls-urgent-action-additional-coronavirus-response-measures},
    author={Mitt Romney},
    journal={Senator Mitt Romney},
    year={2020}, month={Mar}
}

@misc{bls_cpi_releases, 
    title={Schedule of Releases for the Consumer Price Index}, 
    url={https://www.bls.gov/schedule/news_release/cpi.htm}, 
    journal={U.S. Bureau of Labor Statistics}, publisher={U.S. Bureau of Labor Statistics},
    author={BLS},
    year={2020}
}

@misc{hawley, 
    title={Senator Hawley Announces Emergency Family Relief Plan}, url={https://www.hawley.senate.gov/senator-hawley-announces-emergency-family-relief-plan},
    author={Josh Hawley},
    journal={Senator Josh Hawley},
    year={2020}, month={Mar}
}

@misc{notebook, 
    title={UBICenter/ubi-center}, 
    url={https://github.com/UBICenter/ubi-center/tree/master/notebooks/covid}, journal={GitHub}, 
    author={Max Ghenis},
    year={2020}, month={Mar}
}

@misc{census_proj, 
    title={2017 National Population Projections Tables: Main Series}, url={https://www.census.gov/data/tables/2017/demo/popproj/2017-summary-tables.html},
    journal={The United States Census Bureau}, author={US{\ }Census{\ }Bureau},
    year={2020}, month={Feb}
}

@misc{bennet,
    title={Brown/Booker/Bennet Letter Re Cash Payments 3 17 20},
    url={https://www.documentcloud.org/documents/6811721-Brown-Booker-Bennet-Letter-Re-Cash-Payments-3-17.html},
    author={Bennet, Michael and Booker, Cory and Brown, Sherrod and King, Angus and Murphy, Chris and Schatz, Brian},
    year={2020}
}

@misc{waters,
    title={Proposed Legislative Responses to COVID-19},
    url={https://financialservices.house.gov/uploadedfiles/fsc_covid-19_legislative_package_-_03.18.20.pdf},
    author={Waters, Maxine},
    year={2020}
}

@misc{irs, 
    title={Payment Deadline Extended to July 15, 2020}, url={https://www.irs.gov/newsroom/payment-deadline-extended-to-july-15-2020},
    journal={Internal Revenue Service},
    author={IRS},
    year={2020}
}

@misc{fred_income, 
    title={Real Median Household and Personal Income Relative to 2007},
    url={https://fred.stlouisfed.org/graph/?g=qrBT},
    journal={FRED},
    author={FRED},
    year={2020}
}

@misc{cbo, 
    title={The Distribution of Household Income, 2016},
    url={https://www.cbo.gov/publication/55413}, journal={Congressional{\ }Budget{\ }Office},
    author={CBO},
    year={2019}, month={Jul}
}

@misc{cpsp, 
    title={Historical SPM Data}, 
    url={https://www.povertycenter.columbia.edu/historical-spm-data-reg},
    author={CPSP}
}

@misc{bls_cpi_data,
    title={Historical Consumer Price Index for All Urban Consumers (CPI-U): U.S. city average, all items, by month},
    url={https://www.bls.gov/cpi/tables/supplemental-files/historical-cpi-u-202002.pdf},
    journal={Bureau of Labor Statistics},
    author={BLS},
    year={2020}
}

@misc{bls_cps_faq,
    title={Current Population Survey (CPS) Respondents - Frequently Asked Questions (FAQs)},
    url={https://www.bls.gov/respondents/cps/faqs.htm#Ques8},
    author={BLS},
    journal={Bureau of Labor Statistics}
}

@misc{taxbrain,
    title={TaxBrain: Covid-19 payroll tax holiday},
    url={https://www.compute.studio/PSLmodels/Tax-Brain/45970/},
    author={Ghenis, Max},
    year={2020}
}

@misc{ghenis_yang, 
    title={Distributional analysis of Andrew Yang's Freedom Dividend}, url={https://medium.com/ubicenter/distributional-analysis-of-andrew-yangs-freedom-dividend-d8dab818bf1b}, journal={Medium}, publisher={The UBI Center}, 
    author={Ghenis, Max},
    year={2020}, month={Jan}
}

@misc{ritz,
    title={Emergency Economics: Fighting a Recession in 2020 and Beyond},
    author={Ritz, Ben and McDermott, Brendan},
    url={https://www.progressivepolicy.org/publications/emergency-economics-fighting-a-recession-in-2020-and-beyond/}, 
    journal={Progressive Policy Institute},
    year={2020}, month={Mar}
}

@misc{delaney,
    title={Gov't needs to spend \$1.25 trillion. 2 months at ~1k per month/person \$500 billion2 months business interruption payments to restaurants, hotels etc \$250 billioncash infusion into healthcare system for a year equal to 10\% of its cost \$400 billionMiscellaneous \$100 billion},
    url={https://twitter.com/JohnDelaney/status/1240288254924111873},
    journal={Twitter}, 
    publisher={Twitter}, 
    author={Delaney, John}, 
    year={2020}, 
    month={Mar}
}